@article{1,
   author = {Alsaker, Keith V and Spitzer, Thomas R and Papoutsakis, Eleftherios T},
   title = {Transcriptional analysis of spo0A overexpression in Clostridium acetobutylicum and its effect on the cell's response to butanol stress},
   journal = {Journal of bacteriology},
   volume = {186},
   number = {7},
   pages = {1959-1971},
   year = {2004}
}


@article{2,
   author = {Andrews, S},
   title = {FastQC: A quality control tool for high throughput sequence data},
   journal = {Reference Source},
   year = {2010}
}

@article{3,
   author = {Antoni, Dominik and Zverlov, Vladimir V and Schwarz, Wolfgang H},
   title = {Biofuels from microbes},
   journal = {Applied microbiology and biotechnology},
   volume = {77},
   number = {1},
   pages = {23-35},
   year = {2007}
}

@article{4,
   author = {Atsumi, Shota and Cann, Anthony F and Connor, Michael R and Shen, Claire R and Smith, Kevin M and Brynildsen, Mark P and Chou, Katherine JY and Hanai, Taizo and Liao, James C},
   title = {Metabolic engineering of< i> Escherichia coli</i> for 1-butanol production},
   journal = {Metabolic engineering},
   volume = {10},
   number = {6},
   pages = {305-311},
   year = {2008}
}

@article{5,
   author = {Bailey, Timothy L and Boden, Mikael and Buske, Fabian A and Frith, Martin and Grant, Charles E and Clementi, Luca and Ren, Jingyuan and Li, Wilfred W and Noble, William S},
   title = {MEME SUITE: tools for motif discovery and searching},
   journal = {Nucleic acids research},
   volume = {37},
   number = {suppl 2},
   pages = {W202-W208},
   year = {2009}
}

@article{6,
   author = {Borden, Jacob R and Papoutsakis, Eleftherios Terry},
   title = {Dynamics of genomic-library enrichment and identification of solvent tolerance genes for Clostridium acetobutylicum},
   journal = {Applied and environmental microbiology},
   volume = {73},
   number = {9},
   pages = {3061-3068},
   year = {2007}
}

@article{7,
   author = {Chen, Yili and Indurthi, Dinesh C and Jones, Shawn W and Papoutsakis, Eleftherios T},
   title = {Small RNAs in the genus Clostridium},
   journal = {MBio},
   volume = {2},
   number = {1},
   pages = {e00340-10},
   year = {2011}
}

@article{8,
   author = {D’haeseleer, Patrik and Liang, Shoudan and Somogyi, Roland},
   title = {Genetic network inference: from co-expression clustering to reverse engineering},
   journal = {Bioinformatics},
   volume = {16},
   number = {8},
   pages = {707-726},
   year = {2000}
}

@article{9,
   author = {Gordon, A and Hannon, GJ},
   title = {Fastx-toolkit},
   journal = {FASTQ short-reads pre-processing tools },
   year = {2010}
}

@article{10,
   author = {Hecker, Michael and Lambeck, Sandro and Toepfer, Susanne and Van Someren, Eugene and Guthke, Reinhard},
   title = {Gene regulatory network inference: data integration in dynamic models—a review},
   journal = {Biosystems},
   volume = {96},
   number = {1},
   pages = {86-103},
   year = {2009}
}

@article{11,
   author = {Hecker, Michael and Schumann, Wolfgang and Völker, Uwe},
   title = {Heat‐shock and general stress response in Bacillus subtilis},
   journal = {Molecular microbiology},
   volume = {19},
   number = {3},
   pages = {417-428},
   year = {1996}
}

@inbook{12,
   author = {Ho, Eric CH and Donaldson, Michael E and Saville, Barry J},
   title = {Detection of antisense RNA transcripts by strand-specific RT-PCR},
   booktitle = {RT-PCR Protocols},
   publisher = {Springer},
   pages = {125-138},
   year = {2010}
}

@article{13,
   author = {Keasling, Jay D and Mendoza, Abraham and Baran, Phil S},
   title = {Synthesis: A constructive debate},
   journal = {Nature},
   volume = {492},
   number = {7428},
   pages = {188-189},
   year = {2012}
}

@article{14,
   author = {Kim, Donghyuk and Hong, Jay Sung-Joong and Qiu, Yu and Nagarajan, Harish and Seo, Joo-Hyun and Cho, Byung-Kwan and Tsai, Shih-Feng and Palsson, Bernhard Ø},
   title = {Comparative analysis of regulatory elements between Escherichia coli and Klebsiella pneumoniae by genome-wide transcription start site profiling},
   journal = {PLoS genetics},
   volume = {8},
   number = {8},
   pages = {e1002867},
   year = {2012}
}

@article{15,
   author = {Kreutz, Clemens and Gehring, JS and Lang, D and Reski, Ralf and Timmer, Jens and Rensing, Stefan A},
   title = {TSSi—an R package for transcription start site identification from 5′ mRNA tag data},
   journal = {Bioinformatics},
   volume = {28},
   number = {12},
   pages = {1641-1642},
   year = {2012}
}

@article{16,
   author = {Lan, Ethan I and Liao, James C},
   title = {Metabolic engineering of cyanobacteria for 1-butanol production from carbon dioxide},
   journal = {Metabolic engineering},
   volume = {13},
   number = {4},
   pages = {353-363},
   year = {2011}
}

@article{17,
   author = {Langmead, Ben and Salzberg, Steven L},
   title = {Fast gapped-read alignment with Bowtie 2},
   journal = {Nature methods},
   volume = {9},
   number = {4},
   pages = {357-359},
   year = {2012}
}

@article{18,
   author = {Levin, Joshua Z and Yassour, Moran and Adiconis, Xian and Nusbaum, Chad and Thompson, Dawn Anne and Friedman, Nir and Gnirke, Andreas and Regev, Aviv},
   title = {Comprehensive comparative analysis of strand-specific RNA sequencing methods},
   journal = {Nature methods},
   volume = {7},
   number = {9},
   pages = {709-715},
   year = {2010}
}

@article{19,
   author = {Li, Heng and Handsaker, Bob and Wysoker, Alec and Fennell, Tim and Ruan, Jue and Homer, Nils and Marth, Gabor and Abecasis, Goncalo and Durbin, Richard},
   title = {The sequence alignment/map format and SAMtools},
   journal = {Bioinformatics},
   volume = {25},
   number = {16},
   pages = {2078-2079},
   year = {2009}
}

@article{20,
   author = {Lorenz, Ronny and Bernhart, Stephan HF and Zu Siederdissen, Christian Hoener and Tafer, Hakim and Flamm, Christoph and Stadler, Peter F and Hofacker, Ivo L},
   title = {ViennaRNA Package 2.0},
   journal = {Algorithms for Molecular Biology},
   volume = {6},
   number = {1},
   pages = {26},
   year = {2011}
}

@article{21,
   author = {Maathuis, Marloes H and Colombo, Diego and Kalisch, Markus and Bühlmann, Peter},
   title = {Predicting causal effects in large-scale systems from observational data},
   journal = {Nature Methods},
   volume = {7},
   number = {4},
   pages = {247-248},
   year = {2010}
}

@article{22,
   author = {Markowetz, Florian and Kostka, Dennis and Troyanskaya, Olga G and Spang, Rainer},
   title = {Nested effects models for high-dimensional phenotyping screens},
   journal = {Bioinformatics},
   volume = {23},
   number = {13},
   pages = {i305-i312},
   year = {2007}
}

@misc{23,
   author = {Najoshi, G},
   title = {Sickle-A windowed adaptive trimming tool for FASTQ files using quality},

}

@article{24,
   author = {Nicolaou, Sergios A and Gaida, Stefan M and Papoutsakis, Eleftherios T},
   title = {A comparative view of metabolite and substrate stress and tolerance in microbial bioprocessing: from biofuels and chemicals, to biocatalysis and bioremediation},
   journal = {Metabolic engineering},
   volume = {12},
   number = {4},
   pages = {307-331},
   year = {2010}
}

@article{25,
   author = {Ozsolak, Fatih and Milos, Patrice M},
   title = {RNA sequencing: advances, challenges and opportunities},
   journal = {Nature reviews genetics},
   volume = {12},
   number = {2},
   pages = {87-98},
   year = {2011}
}

@article{26,
   author = {Papoutsakis, Eleftherios T},
   title = {Engineering solventogenic clostridia},
   journal = {Current opinion in biotechnology},
   volume = {19},
   number = {5},
   pages = {420-429},
   year = {2008}
}

@article{27,
   author = {Pichon, Christophe and Felden, Brice},
   title = {Small RNA gene identification and mRNA target predictions in bacteria},
   journal = {Bioinformatics},
   volume = {24},
   number = {24},
   pages = {2807-2813},
   year = {2008}
}

@article{28,
   author = {Prat, Yosef and Fromer, Menachem and Linial, Nathan and Linial, Michal},
   title = {Recovering key biological constituents through sparse representation of gene expression},
   journal = {Bioinformatics},
   volume = {27},
   number = {5},
   pages = {655-661},
   year = {2011}
}

@article{29,
   author = {Ramos, Juan L and Duque, Estrella and Gallegos, María-Trinidad and Godoy, Patricia and Ramos-González, María Isabel and Rojas, Antonia and Terán, Wilson and Segura, Ana},
   title = {Mechanisms of solvent tolerance in gram-negative bacteria},
   journal = {Annual Reviews in Microbiology},
   volume = {56},
   number = {1},
   pages = {743-768},
   year = {2002}
}

@article{30,
   author = {Roberts, Adam and Pimentel, Harold and Trapnell, Cole and Pachter, Lior},
   title = {Identification of novel transcripts in annotated genomes using RNA-Seq},
   journal = {Bioinformatics},
   volume = {27},
   number = {17},
   pages = {2325-2329},
   year = {2011}
}

@article{31,
   author = {Sahr, Tobias and Rusniok, Christophe and Dervins-Ravault, Delphine and Sismeiro, Odile and Coppee, Jean-Yves and Buchrieser, Carmen},
   title = {Deep sequencing defines the transcriptional map of L. pneumophila and identifies growth phase-dependent regulated ncRNAs implicated in virulence},
   journal = {RNA Biol},
   volume = {9},
   number = {4},
   pages = {503-519},
   year = {2012}
}

@article{32,
   author = {Sardessai, Yogita and Bhosle, Saroj},
   title = {Tolerance of bacteria to organic solvents},
   journal = {Research in Microbiology},
   volume = {153},
   number = {5},
   pages = {263-268},
   year = {2002}
}

@article{33,
   author = {Schmieder, Robert and Edwards, Robert},
   title = {Quality control and preprocessing of metagenomic datasets},
   journal = {Bioinformatics},
   volume = {27},
   number = {6},
   pages = {863-864},
   year = {2011}
}

@article{34,
   author = {Soutourina, Olga A and Monot, Marc and Boudry, Pierre and Saujet, Laure and Pichon, Christophe and Sismeiro, Odile and Semenova, Ekaterina and Severinov, Konstantin and Le Bouguenec, Chantal and Coppée, Jean-Yves},
   title = {Genome-wide identification of regulatory RNAs in the human pathogen Clostridium difficile},
   journal = {PLoS genetics},
   volume = {9},
   number = {5},
   pages = {e1003493},
   year = {2013}
}

@article{35,
   author = {Thomas-Chollier, Morgane and Defrance, Matthieu and Medina-Rivera, Alejandra and Sand, Olivier and Herrmann, Carl and Thieffry, Denis and van Helden, Jacques},
   title = {RSAT 2011: regulatory sequence analysis tools},
   journal = {Nucleic acids research},
   volume = {39},
   number = {suppl 2},
   pages = {W86-W91},
   year = {2011}
}

@article{36,
   author = {Tomas, Christopher A and Beamish, Jeffrey and Papoutsakis, Eleftherios T},
   title = {Transcriptional analysis of butanol stress and tolerance in Clostridium acetobutylicum},
   journal = {Journal of bacteriology},
   volume = {186},
   number = {7},
   pages = {2006-2018},
   year = {2004}
}

@article{37,
   author = {Tracy, Bryan P and Jones, Shawn W and Fast, Alan G and Indurthi, Dinesh C and Papoutsakis, Eleftherios T},
   title = {Clostridia: the importance of their exceptional substrate and metabolite diversity for biofuel and biorefinery applications},
   journal = {Current opinion in biotechnology},
   volume = {23},
   number = {3},
   pages = {364-381},
   year = {2012}
}

@article{38,
   author = {Vaske, Charles J and Benz, Stephen C and Sanborn, J Zachary and Earl, Dent and Szeto, Christopher and Zhu, Jingchun and Haussler, David and Stuart, Joshua M},
   title = {Inference of patient-specific pathway activities from multi-dimensional cancer genomics data using PARADIGM},
   journal = {Bioinformatics},
   volume = {26},
   number = {12},
   pages = {i237-i245},
   year = {2010}
}

@article{39,
   author = {Venkataramanan, Keerthi P and Jones, Shawn W and McCormick, Kevin P and Kunjeti, Sridhara G and Ralston, Matthew T and Meyers, Blake C and Papoutsakis, Eleftherios T},
   title = {The Clostridium small RNome that responds to stress: the paradigm and importance of toxic metabolite stress in C. acetobutylicum},
   journal = {BMC genomics},
   volume = {14},
   number = {1},
   pages = {849},
   year = {2013}
}

@misc{40,
   author = {W., Alec},
   title = {Picard},
   year = {2009}
}

@article{41,
   author = {Wagner, E Gerhart H},
   title = {Kill the messenger: bacterial antisense RNA promotes mRNA decay},
   journal = {Nature structural and molecular biology},
   volume = {16},
   number = {8},
   pages = {804-806},
   year = {2009}
}

@article{42,
   author = {Wang, Qinghua and Venkataramanan, Keerthi Prasad and Huang, Hongzhan and Papoutsakis, Eleftherios T and Wu, Cathy H},
   title = {Transcription factors and genetic circuits orchestrating the complex, multilayered response of Clostridium acetobutylicum to butanol and butyrate stress},
   journal = {BMC systems biology},
   volume = {7},
   number = {1},
   pages = {120},
   year = {2013}
}

@article{43,
   author = {Yeung, Ka Yee and Ruzzo, Walter L.},
   title = {Principal component analysis for clustering gene expression data},
   journal = {Bioinformatics},
   volume = {17},
   number = {9},
   pages = {763-774},
   year = {2001}
}

@article{44,
   author = {Zhang, Yong and Liu, Tao and Meyer, Clifford A and Eeckhoute, Jérôme and Johnson, David S and Bernstein, Bradley E and Nusbaum, Chad and Myers, Richard M and Brown, Myles and Li, Wei},
   title = {Model-based analysis of ChIP-Seq (MACS)},
   journal = {Genome Biol},
   volume = {9},
   number = {9},
   pages = {R137},
   year = {2008}
}

@article{45,
   author = {Zingaro, Kyle A and Papoutsakis, Eleftherios Terry},
   title = {Toward a semisynthetic stress response system to engineer microbial solvent tolerance},
   journal = {Mbio},
   volume = {3},
   number = {5},
   pages = {e00308-12},
   year = {2012}
}

@article{46,
   author = {Zingaro, Kyle A and Terry Papoutsakis, Eleftherios},
   title = {GroESL overexpression imparts Escherichia coli tolerance to, n-, and 2-butanol, 1, 2, 4-butanetriol and ethanol with complex and unpredictable patterns},
   journal = {Metabolic engineering},
   volume = {15},
   pages = {196-205},
   year = {2013}
}

@article{47,
  title={Trimmomatic: a flexible trimmer for Illumina sequence data},
  author={Bolger, Anthony M and Lohse, Marc and Usadel, Bjoern},
  journal={Bioinformatics},
  pages={170},
  year={2014},
  publisher={Oxford Univ Press}
}

@article{48,
  title={HTSeq: Analysing high-throughput sequencing data with Python},
  author={Anders, Simon},
  journal={URL http://www-huber. embl. de/users/anders/HTSeq/doc/overview. html},
  year={2010}
}

@article{49,
  title={BEDTools: a flexible suite of utilities for comparing genomic features},
  author={Quinlan, Aaron R and Hall, Ira M},
  journal={Bioinformatics},
  volume={26},
  number={6},
  pages={841--842},
  year={2010},
  publisher={Oxford Univ Press}
}

@article{50,
  title={Circos: an information aesthetic for comparative genomics},
  author={Krzywinski, Martin, et al.},
  journal={Genome research},
  volume={19},
  number={9},
  pages={1639--1645},
  year={2009},
  publisher={Cold Spring Harbor Lab}
}

@article{51,
  title={Integrative Genomics Viewer (IGV): high-performance genomics data visualization and exploration},
  author={Thorvaldsd{\'o}ttir, Helga and Robinson, James T and Mesirov, Jill P},
  journal={Briefings in bioinformatics},
  pages={bbs017},
  year={2012},
  publisher={Oxford Univ Press}
}

@article{52,
  title={Moderated estimation of fold change and dispersion for RNA-Seq data with DESeq2},
  author={Love, Michael I and Huber, Wolfgang and Anders, Simon},
  journal={bioRxiv},
  year={2014},
  publisher={Cold Spring Harbor Labs Journals}
}

@article{53,
  title={Differential expression analysis for sequence count data},
  author={Anders, Simon and Huber, Wolfgang},
  journal={Genome biol},
  volume={11},
  number={10},
  pages={R106},
  year={2010}
}

@article{54,
  title={Infernal 1.1: 100-fold faster RNA homology searches},
  author={Nawrocki, Eric P and Eddy, Sean R},
  journal={Bioinformatics},
  volume={29},
  number={22},
  pages={2933--2935},
  year={2013},
  publisher={Oxford Univ Press}
}

@book{55,
  title={ggplot2: elegant graphics for data analysis},
  author={Wickham, Hadley},
  year={2009},
  publisher={Springer}
}

@article{56,
  title={Bias detection and correction in RNA-Sequencing data},
  author={Zheng, Wei and Chung, Lisa M and Zhao, Hongyu},
  journal={Bmc Bioinformatics},
  volume={12},
  number={1},
  pages={290},
  year={2011},
  publisher={BioMed Central Ltd}
}

@article{57,
  title={Assessing De Novo transcriptome assembly metrics for consistency and utility},
  author={O’Neil, Shawn and Emrich, Scott},
  journal={BMC genomics},
  volume={14},
  number={1},
  pages={465},
  year={2013},
  publisher={BioMed Central Ltd}
}

@article{58,
  title={Full-length transcriptome assembly from RNA-Seq data without a reference genome},
  author={Grabherr, Manfred G and Haas, Brian J and Yassour, Moran and Levin, Joshua Z and Thompson, Dawn A and Amit, Ido and Adiconis, Xian and Fan, Lin and Raychowdhury, Raktima and Zeng, Qiandong and others},
  journal={Nature biotechnology},
  volume={29},
  number={7},
  pages={644--652},
  year={2011},
  publisher={Nature Publishing Group}
}

@manual{59,
    title = {R: A Language and Environment for Statistical Computing},
    author = {{R Core Team}},
    organization = {R Foundation for Statistical Computing},
    address = {Vienna, Austria},
    year = {2014},
    url = {http://www.R-project.org/},
  }

@article{60,
  title={Techniques for clustering gene expression data},
  author={Kerr, Grainne and Ruskin, Heather J and Crane, Martin and Doolan, Padraig},
  journal={Computers in biology and medicine},
  volume={38},
  number={3},
  pages={283--293},
  year={2008},
  publisher={Elsevier}
}