@Article{key1,
author	= "Author",
title	= "Title of Article",
journal	= "Title of Journal",
volume = {n}
number = {m}
pages = {123-124}
year = "year",
month = "month"
}

@Book{key2,
author	= "Author and Author",
publisher	= "Publisher",
title	=	"Title of Book",
year	= "year"
}
